@book{High2008,
author = {Higham, Nicholas J.},
title = {Functions of matrices : theory and computation},
publisher = {Society for Industrial and Applied Mathematics },
address = {Philadelphia, Pa},
isbn = {9780898717778},
year = {2008}
}

@article{zhzh1997,
	author = {Zha, Hongyuan and Zhang, Zhenyue},
	title = {Computing the optimal commuting matrix pairs},
	journal = {BIT Numerical Mathematics},
	volume = {37},
	number = {1},
	pages = {202, 220},
	year = {1997}
}
