@book{high2008,
	author = {Higham, Nicholas J.},
	title = {Functions of Matrices : Theory and Computation},
	publisher = {Society for Industrial and Applied Mathematics},
	address = {Philadelphia, Pa},
	isbn = {9780898717778},
	year = {2008}
}

@article{zhzh1997,
	author = {Zha, Hongyuan and Zhang, Zhenyue},
	title = {Computing the optimal commuting matrix pairs},
	journal = {BIT Numerical Mathematics},
	volume = {37},
	number = {1},
	pages = {202, 220},
	year = {1997}
}

@phdthesis{smit2002,
	author = {Smith, Matthew I.},
	title = {Numerical Computation of Matrix Function},
	school = {University of Manchester},
	address = {Manchester, England},
	year = {2002}
}
